@MVBOOK{Mono,
    author = {Ерусалимский, Яков Михайлович and Скороходов, Владимир Александрович and Кузьминова, Марина Валерьевна and Петросян, Артем Георгиевич},
    title = {Графы с нестандартной достижимостью: задачи, приложения},
    year = {2009}, 
    language = {russian},
    location = {Ростов-на-Дону},
    hyphenation = {russian}
}